<record><leader>00000cas a22000007c 4500</leader><controlfield tag="001">951745248</controlfield><controlfield tag="006">m     o  d        </controlfield><controlfield tag="007">cr bn|---uuuuu</controlfield><controlfield tag="008">160615d19701971mau x neo     0   a0eng  </controlfield><datafield ind1=" " ind2=" " tag="010"><subfield code="a">  2017202598</subfield></datafield><datafield ind1=" " ind2=" " tag="040"><subfield code="a">MAC</subfield><subfield code="b">eng</subfield><subfield code="e">rda</subfield><subfield code="c">MAC</subfield><subfield code="d">MIGCL</subfield><subfield code="d">OTZ</subfield><subfield code="d">DLC</subfield></datafield><datafield ind1=" " ind2=" " tag="012"><subfield code="l">1</subfield></datafield><datafield ind1="0" ind2=" " tag="022"><subfield code="a">2574-3236</subfield><subfield code="2">1</subfield></datafield><datafield ind1=" " ind2=" " tag="042"><subfield code="a">pcc</subfield><subfield code="a">nsdp</subfield></datafield><datafield ind1="1" ind2="0" tag="050"><subfield code="a">ISSN RECORD</subfield></datafield><datafield ind1=" " ind2="4" tag="050"><subfield code="a">HQ75</subfield><subfield code="b">.L46</subfield></datafield><datafield ind1="1" ind2="0" tag="082"><subfield code="a">322</subfield><subfield code="2">23</subfield></datafield><datafield ind1=" " ind2="0" tag="222"><subfield code="a">Lavender vision</subfield><subfield code="b">(Online)</subfield></datafield><datafield ind1="0" ind2="0" tag="245"><subfield code="a">Lavender vision.</subfield></datafield><datafield ind1=" " ind2="1" tag="264"><subfield code="a">Cambridge, Mass.</subfield><subfield code="b">Media Collective</subfield><subfield code="c">[1970?-1971?]</subfield></datafield><datafield ind1=" " ind2=" " tag="310"><subfield code="a">Irregular</subfield></datafield><datafield ind1=" " ind2=" " tag="336"><subfield code="a">text</subfield><subfield code="b">txt</subfield><subfield code="2">rdacontent</subfield></datafield><datafield ind1=" " ind2=" " tag="337"><subfield code="a">computer</subfield><subfield code="b">c</subfield><subfield code="2">rdamedia</subfield></datafield><datafield ind1=" " ind2=" " tag="338"><subfield code="a">online resource</subfield><subfield code="b">cr</subfield><subfield code="2">rdacarrier</subfield></datafield><datafield ind1="1" ind2=" " tag="362"><subfield code="a">Began with: Vol. 1, no. 1 ([1970]); Ceased with: Vol. 1, no. 2 (May 1971).</subfield></datafield><datafield ind1=" " ind2=" " tag="500"><subfield code="a">"For the Gay Women's Community."</subfield></datafield><datafield ind1=" " ind2=" " tag="515"><subfield code="a">Vol. 1, no. 1 lacks date.</subfield></datafield><datafield ind1=" " ind2=" " tag="588"><subfield code="a">Description based on: Vol. 1, no. 1 ([1970]); title from PDF caption (Independent Voices website, viewed on August 19, 2017).</subfield></datafield><datafield ind1=" " ind2=" " tag="588"><subfield code="a">Latest issue consulted: Vol. 1, no. 2 (May 1971) (viewed on August 19, 2017).</subfield></datafield><datafield ind1=" " ind2="0" tag="650"><subfield code="a">Lesbianism</subfield><subfield code="v">Newspapers.</subfield></datafield><datafield ind1=" " ind2="0" tag="650"><subfield code="a">Lesbians</subfield><subfield code="z">Massachusetts</subfield><subfield code="z">Cambridge</subfield><subfield code="v">Newspapers.</subfield></datafield><datafield ind1=" " ind2="0" tag="650"><subfield code="a">Feminism</subfield><subfield code="v">Newspapers.</subfield></datafield><datafield ind1=" " ind2="0" tag="650"><subfield code="a">Sexism</subfield><subfield code="z">United States</subfield><subfield code="v">Newspapers.</subfield></datafield><datafield ind1=" " ind2="0" tag="650"><subfield code="a">Gay liberation movement</subfield><subfield code="z">United States</subfield><subfield code="v">Newspapers.</subfield></datafield><datafield ind1=" " ind2="0" tag="650"><subfield code="a">Lesbians' writings, American</subfield><subfield code="z">Massachusetts</subfield><subfield code="z">Cambridge</subfield><subfield code="v">Newspapers.</subfield></datafield><datafield ind1=" " ind2="0" tag="650"><subfield code="a">Gay men</subfield><subfield code="z">Massachusetts</subfield><subfield code="z">Cambridge</subfield><subfield code="v">Newspapers.</subfield></datafield><datafield ind1=" " ind2="0" tag="650"><subfield code="a">Homosexuality</subfield><subfield code="v">Newspapers.</subfield></datafield><datafield ind1=" " ind2="0" tag="651"><subfield code="a">Cambridge (Mass.)</subfield><subfield code="v">Newspapers.</subfield></datafield><datafield ind1=" " ind2="0" tag="651"><subfield code="a">Middlesex County (Mass.)</subfield><subfield code="v">Newspapers.</subfield></datafield><datafield ind1=" " ind2="7" tag="650"><subfield code="a">Feminism.</subfield><subfield code="2">fast</subfield><subfield code="0">(OCoLC)fst00922671</subfield></datafield><datafield ind1=" " ind2="7" tag="650"><subfield code="a">Gay liberation movement.</subfield><subfield code="2">fast</subfield><subfield code="0">(OCoLC)fst00939104</subfield></datafield><datafield ind1=" " ind2="7" tag="650"><subfield code="a">Gay men.</subfield><subfield code="2">fast</subfield><subfield code="0">(OCoLC)fst00939117</subfield></datafield><datafield ind1=" " ind2="7" tag="650"><subfield code="a">Homosexuality.</subfield><subfield code="2">fast</subfield><subfield code="0">(OCoLC)fst00959755</subfield></datafield><datafield ind1=" " ind2="7" tag="650"><subfield code="a">Lesbianism.</subfield><subfield code="2">fast</subfield><subfield code="0">(OCoLC)fst00996514</subfield></datafield><datafield ind1=" " ind2="7" tag="650"><subfield code="a">Lesbians.</subfield><subfield code="2">fast</subfield><subfield code="0">(OCoLC)fst00996540</subfield></datafield><datafield ind1=" " ind2="7" tag="650"><subfield code="a">Lesbians' writings, American.</subfield><subfield code="2">fast</subfield><subfield code="0">(OCoLC)fst00996595</subfield></datafield><datafield ind1=" " ind2="7" tag="650"><subfield code="a">Sexism.</subfield><subfield code="2">fast</subfield><subfield code="0">(OCoLC)fst01114686</subfield></datafield><datafield ind1=" " ind2="7" tag="651"><subfield code="a">Massachusetts</subfield><subfield code="z">Cambridge.</subfield><subfield code="2">fast</subfield><subfield code="0">(OCoLC)fst01205363</subfield></datafield><datafield ind1=" " ind2="7" tag="651"><subfield code="a">Massachusetts</subfield><subfield code="z">Middlesex County.</subfield><subfield code="2">fast</subfield><subfield code="0">(OCoLC)fst01214394</subfield></datafield><datafield ind1=" " ind2="7" tag="651"><subfield code="a">United States.</subfield><subfield code="2">fast</subfield><subfield code="0">(OCoLC)fst01204155</subfield></datafield><datafield ind1=" " ind2="7" tag="655"><subfield code="a">Newspapers.</subfield><subfield code="2">fast</subfield><subfield code="0">(OCoLC)fst01423814</subfield></datafield><datafield ind1=" " ind2=" " tag="752"><subfield code="a">United States</subfield><subfield code="b">Massachusetts</subfield><subfield code="c">Middlesex</subfield><subfield code="d">Cambridge.</subfield></datafield><datafield ind1="0" ind2="8" tag="776"><subfield code="i">Print version:</subfield><subfield code="t">Lavender vision</subfield><subfield code="x">2574-3228</subfield><subfield code="w">(DLC)sn 90018332</subfield><subfield code="w">(OCoLC)2263450</subfield></datafield><datafield ind1="4" ind2="0" tag="856"><subfield code="u">http://voices.revealdigital.com/cgi-bin/independentvoices?a=cl&amp;cl=CL1&amp;sp=CCGDEFA&amp;ai=1</subfield></datafield><datafield ind1="4" ind2="0" tag="856"><subfield code="3">Gale Cengage Learning, Archives of Human Sexuality and Identity: LGBTQ History and Culture since 1940</subfield><subfield code="u">http://gdc.galegroup.com/gdc/artemis/atp/AboutThisPublicationPortletWin?mCode=3BVM&amp;p=AHSI&amp;prodId=AHSI&amp;action=e&amp;windowstate=normal&amp;mode=view&amp;userGroupName=</subfield></datafield><datafield ind1="4" ind2="0" tag="856"><subfield code="3">Gale Cengage Learning, Archives of Sexuality &amp; Gender: LGBTQ History and Culture since 1940</subfield><subfield code="u">https://login.proxy.bib.uottawa.ca/login?url=http://gdc.galegroup.com/gdc/artemis/atp/AboutThisPublicationPortletWin?mCode=3BVM&amp;p=AHSI&amp;prodId=AHSI&amp;action=e&amp;windowstate=normal&amp;mode=view&amp;userGroupName=otta77973</subfield><subfield code="z">Archives of Sexuality &amp; Gender</subfield></datafield><datafield ind1=" " ind2=" " tag="856"><subfield code="3">Gale Cengage Learning, Women's Studies Archive</subfield><subfield code="u">http://link.galegroup.com/apps/pub/00MI/WMNS?sid=gale_marc&amp;u=</subfield></datafield><datafield ind1="1" ind2=" " tag="029"><subfield code="a">AU@</subfield><subfield code="b">000058460678</subfield></datafield></record>